<record><leader>01709cam a22004098i 45 0</leader><controlfield tag="001">6804096</controlfield><controlfield tag="003">OCoLC</controlfield><controlfield tag="005">20150212111711.0</controlfield><controlfield tag="006">m    |o  d |      </controlfield><controlfield tag="007">cr*|||||||||||</controlfield><controlfield tag="008">140912s2015    enk     ob    001 0 eng  </controlfield><datafield ind1=" " ind2=" " tag="010"><subfield code="a">  2014032587</subfield></datafield><datafield ind1=" " ind2=" " tag="015"><subfield code="a">GBB4E4354</subfield><subfield code="2">bnb</subfield></datafield><datafield ind1="7" ind2=" " tag="016"><subfield code="a">016973680</subfield><subfield code="2">Uk</subfield></datafield><datafield ind1=" " ind2=" " tag="020"><subfield code="a">9781139924863 (ebook)</subfield></datafield><datafield ind1=" " ind2=" " tag="020"><subfield code="a">9781107077362 (hardback)</subfield></datafield><datafield ind1=" " ind2=" " tag="020"><subfield code="a">1107077362 (hardback)</subfield></datafield><datafield ind1=" " ind2=" " tag="035"><subfield code="a">ocn903391160</subfield></datafield><datafield ind1=" " ind2=" " tag="040"><subfield code="a">DLC</subfield><subfield code="b">eng</subfield><subfield code="e">rda</subfield><subfield code="c">DLC</subfield><subfield code="d">BTCTA</subfield><subfield code="d">OCLCO</subfield><subfield code="d">UKMGB</subfield><subfield code="d">ERASA</subfield><subfield code="d">AEU</subfield></datafield><datafield ind1=" " ind2=" " tag="042"><subfield code="a">pcc</subfield></datafield><datafield ind1="0" ind2="0" tag="050"><subfield code="a">PA3015.T54</subfield><subfield code="b">B47 2015</subfield></datafield><datafield ind1="0" ind2="0" tag="082"><subfield code="a">880.9/358384</subfield><subfield code="2">23</subfield></datafield><datafield ind1=" " ind2=" " tag="090"><subfield code="a">Internet Access</subfield><subfield code="b">AEU</subfield></datafield><datafield ind1="1" ind2=" " tag="100"><subfield code="a">Berman, Daniel W.,</subfield><subfield code="e">author.</subfield></datafield><datafield ind1="1" ind2="0" tag="245"><subfield code="a">Myth, literature and the creation of the topography of Thebes /</subfield><subfield code="c">Daniel W. Berman.</subfield></datafield><datafield ind1=" " ind2="1" tag="264"><subfield code="a">Cambridge, United Kingdom :</subfield><subfield code="b">Cambridge University Press,</subfield><subfield code="c">[2015]</subfield></datafield><datafield ind1=" " ind2=" " tag="300"><subfield code="a">1 online resource.</subfield></datafield><datafield ind1=" " ind2=" " tag="336"><subfield code="a">text</subfield><subfield code="2">rdacontent</subfield></datafield><datafield ind1=" " ind2=" " tag="337"><subfield code="a">computer</subfield><subfield code="2">rdamedia</subfield></datafield><datafield ind1=" " ind2=" " tag="338"><subfield code="a">online resource</subfield><subfield code="2">rdacarrier</subfield></datafield><datafield ind1=" " ind2=" " tag="504"><subfield code="a">Includes bibliographical references and indexes.</subfield></datafield><datafield ind1="0" ind2=" " tag="505"><subfield code="a">Introduction: constructing a city -- Epic Thebes -- Lyric Thebes -- Thebes on stage -- Thebes of the library -- The creation of Theban topography -- Appendices -- The plain(s) of Thebes -- The walls and gates of Thebes -- Pindar's house -- Bibliography -- Index locorum -- General index.</subfield></datafield><datafield ind1=" " ind2=" " tag="596"><subfield code="a">44</subfield></datafield><datafield ind1=" " ind2="0" tag="650"><subfield code="a">Classical literature</subfield><subfield code="x">History and criticism.</subfield></datafield><datafield ind1=" " ind2="0" tag="651"><subfield code="a">Thebes (Greece)</subfield><subfield code="x">In literature.</subfield></datafield><datafield ind1="4" ind2="0" tag="856"><subfield code="3">University of Alberta Access</subfield><subfield code="u">http://dx.doi.org/10.1017/CBO9781139924863</subfield></datafield><datafield ind1=" " ind2=" " tag="926"><subfield code="a">Internet Access</subfield><subfield code="w">LC</subfield><subfield code="c">1</subfield><subfield code="i">6804096-1001</subfield><subfield code="l">INTERNET</subfield><subfield code="m">UAINTERNET</subfield><subfield code="r">Y</subfield><subfield code="s">Y</subfield><subfield code="t">E-RESOURCE</subfield><subfield code="u">2/12/2015</subfield><subfield code="x">E-BOOK</subfield><subfield code="z">CBO</subfield></datafield></record>